% This file was created with JabRef 2.10b2.
% Encoding: UTF-8


@Misc{test,
  Title                    = {Test for the sake of Prump},

  Author                   = {Saevar Steinn},

  Owner                    = {saevar},
  Timestamp                = {2014.10.21}
}

